% This file was created with JabRef 2.5.
% Encoding: Cp1252

@comment{jabref-meta: selector_publisher:}

@comment{jabref-meta: selector_author:}

@comment{jabref-meta: selector_journal:}

@comment{jabref-meta: selector_keywords:}

@misc{einfuehrungROS,
	title = {{Einf√ºhrung in ROS und die PSES-Plattform}},
	year = {2017},
	author = {{}Fachgebiet Echtzeitsysteme TU Damrstadt}}